@article{wang:2012,
 author = {Wang, Jiannan and Kraska, Tim and Franklin, Michael J. and Feng, Jianhua},
 title = {CrowdER: Crowdsourcing Entity Resolution},
 journal = {Proc. VLDB Endow.},
 issue_date = {July 2012},
 volume = {5},
 number = {11},
 year = {2012},
 pages = {1483--1494}
} 

@inproceedings{franklin:2011,
 author = {Franklin, Michael J. and Kossmann, Donald and Kraska, Tim and Ramesh, Sukriti and Xin, Reynold},
 title = {CrowdDB: Answering Queries with Crowdsourcing},
 booktitle = {Proceedings of the 2011 ACM SIGMOD International Conference on Management of Data},
 series = {SIGMOD '11},
 year = {2011},
 pages = {61--72}
} 

@inproceedings{Parameswaran:2012,
 author = {Parameswaran, Aditya Ganesh and Park, Hyunjung and Garcia-Molina, Hector and Polyzotis, Neoklis and Widom, Jennifer},
 title = {Deco: Declarative Crowdsourcing},
 booktitle = {Proceedings of the 21st ACM International Conference on Information and Knowledge Management},
 series = {CIKM '12},
 year = {2012},
 isbn = {978-1-4503-1156-4},
 location = {Maui, Hawaii, USA},
 pages = {1203--1212},
 numpages = {10},
 url = {http://doi.acm.org/10.1145/2396761.2398421},
 doi = {10.1145/2396761.2398421},
 acmid = {2398421},
 publisher = {ACM},
 address = {New York, NY, USA},
 keywords = {declarative crowdsourcing, human computation},
} 

@inproceedings{marcus:2011,
  author = {Marcus, Adam and Wu, Eugene and Madden, Samuel and Miller, Robert C.},
  booktitle = {Proceedings of the 5th Biennial Conference on Innovative Data Systems Research},
  pages = {211--214},
  publisher = {CIDR},
  title = {Crowdsourced Databases: Query Processing with People},
  year = 2011
}

@inproceedings{west:2014,
 author = {West, Robert and Gabrilovich, Evgeniy and Murphy, Kevin and Sun, Shaohua and Gupta, Rahul and Lin, Dekang},
 title = {Knowledge Base Completion via Search-based Question Answering},
 booktitle = {Proceedings of the 23rd International Conference on World Wide Web},
 series = {WWW '14},
 year = {2014},
 pages = {515--526}
} 

@inproceedings{trushkowsky:2013,
 author = {Trushkowsky, Beth   and Kraska, Tim and Franklin, Michael J. and Sarkar, Purnamrita},
 title = {Crowdsourced Enumeration Queries},
 booktitle = {Proceedings of the 2013 IEEE International Conference on Data Engineering (ICDE 2013)},
 series = {ICDE '13},
 year = {2013},
 pages = {673--684}
} 

@inproceedings{park:2014,
       booktitle = {23rd International World Wide Web Conference (WWW)},
       title = {CrowdFill: A System for Collecting Structured Data from the Crowd},
       author = {Hyunjung Park and Jennifer Widom},
       year = {2014}
}

@inproceedings{kondredi:2014,
       booktitle = {30th IEEE International Conference on Data Engineering},
        series = {ICDE '14},
           title = {Combining information extraction and human computing for crowdsourced knowledge acquisition},
          author = {S. Kumar Kondredi and P. Triantafillou and G. Weikum},
            year = {2014}
}

@article{shen:2003,
 author = {Shen, T. and Chao, A. and Lin, C.},
 title = {Predicting the Number of New Species in Further Taxonomic Sampling},
 journal = {Ecology},
 volume = {84},
 number = {3},
 year = {2003}
} 

@article{chao:2012,
 author = {Chao, A. and Lin, C.},
 title = {Nonparametric Lower Bounds for Species Richness and Shared Species Richness under Sampling without Replacement},
 journal = {Biometrics},
 volume = {68},
 number = {3},
 year = {2012}
} 

@article {hwang:2010,
author = {Hwang, Wen-Han and Shen, Tsung-Jen},
title = {Small-Sample Estimation of Species Richness Applied to Forest Communities},
journal = {Biometrics},
volume = {66},
number = {4},
pages = {1052--1060},
year = {2010}
}

@inproceedings{mortalbandits,
    author = {Chakrabarti, Deepayan and Kumar, Ravi and Radlinski, Filip and Upfal, Eli},
    booktitle = {NIPS},
    pages = {273--280},
    title = {{Mortal Multi-Armed Bandits}},
    year = {2008}
}

@Inproceedings {dynamicbandits,
author       = {Aleksandrs Slivkins and Eli Upfal},
booktitle    = {21st Conference on Learning Theory (COLT)},
month        = {July},
pages        = {343-354},
title        = {Adapting to a Changing Environment: the Brownian Restless Bandits},
year         = {2008},
}

@article{adaptivebandits,
    author = {Dani, Varsha and Hayes, Thomas P.},
    journal = {Arxiv preprint cs.DS/0602053},
    title = {{How to Beat the Adaptive Multi-Armed Bandit}},
    year = {2006}
}

@inproceedings{combinatorialbandits, 
    Publisher = {JMLR Workshop and Conference Proceedings}, 
    Title = {Combinatorial Multi-Armed Bandit: General Framework and Applications}, 
    Author = {Wei Chen and Yajun Wang and Yang Yuan}, 
    Number = {1}, 
    Pages = {151-159}, 
    Volume = {28}, 
    Year = {2013}, 
    Booktitle = {Proceedings of the 30th International Conference on Machine Learning (ICML-13)} 
   }

@inproceedings{amsterdamer:2014,
  author    = {Yael Amsterdamer and
               Susan B. Davidson and
               Tova Milo and
               Slava Novgorodov and
               Amit Somech},
  title     = {{OASSIS:} query driven crowd mining},
  booktitle = {International Conference on Management of Data, {SIGMOD} 2014, Snowbird,
               UT, USA, June 22-27, 2014},
  year      = {2014},
  pages     = {589--600}
}

@article{chao:1992,
    author = {Chao, Anne and Lee, Shen M.},
    journal = {Journal of the American Statistical Association},
    number = {417},
    pages = {210--217},
    title = {{Estimating the Number of Classes via Sample Coverage}},
    volume = {87},
    year = {1992}
}

@article{hortal2006evaluating,
  title={Evaluating the performance of species richness estimators: sensitivity to sample grain size},
  author={Hortal, Joaqu{\'\i}n and Borges, Paulo AV and Gaspar, Clara},
  journal={Journal of Animal Ecology},
  volume={75},
  number={1},
  pages={274--287},
  year={2006},
  publisher={Wiley Online Library}
}

@article{Auer:2003,
 author = {Auer, Peter},
 title = {Using Confidence Bounds for Exploitation-exploration Trade-offs},
 journal = {J. Mach. Learn. Res.},
 issue_date = {3/1/2003},
 volume = {3},
 month = mar,
 year = {2003},
 issn = {1532-4435},
 pages = {397--422},
 numpages = {26},
 url = {http://dl.acm.org/citation.cfm?id=944919.944941},
 acmid = {944941},
 publisher = {JMLR.org},
 keywords = {bandit problem, exploitation-exploration, linear value function, online Learning, reinforcement learning},
} 

@inproceedings{teytaud:inria-00173263,
  TITLE = {{Anytime many-armed bandits}},
  AUTHOR = {Teytaud, Olivier and Gelly, Sylvain and Sebag, Mich{\`e}le},
  BOOKTITLE = {{CAP07}},
  YEAR = {2007}
}

@ARTICLE{EvenDar06actionelimination,
    author = {Eyal Even-Dar and Shie Mannor and Yishay Mansour},
    title = {Action Elimination and Stopping Conditions for the Multi-Armed Bandit and Reinforcement Learning Problems},
    journal = {JOURNAL OF MACHINE LEARNING RESEARCH},
    year = {2006},
    volume = {7},
    pages = {1079--1105}
}
